@article{DBLP:journals/corr/LongSD14,
  author    = {Jonathan Long and
                 Evan Shelhamer and
                 Trevor Darrell},
  title     = {Fully Convolutional Networks for Semantic Segmentation},
  journal   = {CoRR},
  volume    = {abs/1411.4038},
  year      = {2014},
  url       = {http://arxiv.org/abs/1411.4038},
  timestamp = {Wed, 07 Jun 2017 14:42:28 +0200},
  biburl    = {http://dblp.uni-trier.de/rec/bib/journals/corr/LongSD14},
  bibsource = {dblp computer science bibliography, http://dblp.org}
}
@article{DBLP:journals/corr/RedmonDGF15,
  author    = {Joseph Redmon and
               Santosh Kumar Divvala and
               Ross B. Girshick and
               Ali Farhadi},
  title     = {You Only Look Once: Unified, Real-Time Object Detection},
  journal   = {CoRR},
  volume    = {abs/1506.02640},
  year      = {2015},
  url       = {http://arxiv.org/abs/1506.02640},
  timestamp = {Wed, 07 Jun 2017 14:40:10 +0200},
  biburl    = {http://dblp.uni-trier.de/rec/bib/journals/corr/RedmonDGF15},
  bibsource = {dblp computer science bibliography, http://dblp.org}
}
@article{DBLP:journals/corr/LiuAESR15,
  author    = {Wei Liu and
               Dragomir Anguelov and
               Dumitru Erhan and
               Christian Szegedy and
               Scott E. Reed and
               Cheng{-}Yang Fu and
               Alexander C. Berg},
  title     = {{SSD:} Single Shot MultiBox Detector},
  journal   = {CoRR},
  volume    = {abs/1512.02325},
  year      = {2015},
  url       = {http://arxiv.org/abs/1512.02325},
  timestamp = {Wed, 07 Jun 2017 14:42:54 +0200},
  biburl    = {http://dblp.uni-trier.de/rec/bib/journals/corr/LiuAESR15},
  bibsource = {dblp computer science bibliography, http://dblp.org}
}
@article{DBLP:journals/corr/HowardZCKWWAA17,
  author    = {Andrew G. Howard and
               Menglong Zhu and
               Bo Chen and
               Dmitry Kalenichenko and
               Weijun Wang and
               Tobias Weyand and
               Marco Andreetto and
               Hartwig Adam},
  title     = {MobileNets: Efficient Convolutional Neural Networks for Mobile Vision
               Applications},
  journal   = {CoRR},
  volume    = {abs/1704.04861},
  year      = {2017},
  url       = {http://arxiv.org/abs/1704.04861},
  timestamp = {Wed, 07 Jun 2017 14:40:11 +0200},
  biburl    = {http://dblp.uni-trier.de/rec/bib/journals/corr/HowardZCKWWAA17},
  bibsource = {dblp computer science bibliography, http://dblp.org}
}
@article{DBLP:journals/corr/DonahueJVHZTD13,
  author    = {Jeff Donahue and
               Yangqing Jia and
               Oriol Vinyals and
               Judy Hoffman and
               Ning Zhang and
               Eric Tzeng and
               Trevor Darrell},
  title     = {DeCAF: {A} Deep Convolutional Activation Feature for Generic Visual
               Recognition},
  journal   = {CoRR},
  volume    = {abs/1310.1531},
  year      = {2013},
  url       = {http://arxiv.org/abs/1310.1531},
  timestamp = {Wed, 07 Jun 2017 14:40:11 +0200},
  biburl    = {http://dblp.org/rec/bib/journals/corr/DonahueJVHZTD13},
  bibsource = {dblp computer science bibliography, http://dblp.org}
}
@article{DBLP:journals/corr/RazavianASC14,
  author    = {Ali Sharif Razavian and
               Hossein Azizpour and
               Josephine Sullivan and
               Stefan Carlsson},
  title     = {{CNN} Features off-the-shelf: an Astounding Baseline for Recognition},
  journal   = {CoRR},
  volume    = {abs/1403.6382},
  year      = {2014},
  url       = {http://arxiv.org/abs/1403.6382},
  timestamp = {Wed, 07 Jun 2017 14:40:09 +0200},
  biburl    = {http://dblp.org/rec/bib/journals/corr/RazavianASC14},
  bibsource = {dblp computer science bibliography, http://dblp.org}
}
@incollection{NIPS2014_5347,
title = {How transferable are features in deep neural networks?},
author = {Yosinski, Jason and Clune, Jeff and Bengio, Yoshua and Lipson, Hod},
booktitle = {Advances in Neural Information Processing Systems 27},
editor = {Z. Ghahramani and M. Welling and C. Cortes and N. D. Lawrence and K. Q. Weinberger},
pages = {3320--3328},
year = {2014},
publisher = {Curran Associates, Inc.},
url = {http://papers.nips.cc/paper/5347-how-transferable-are-features-in-deep-neural-networks.pdf}}

@book{Goodfellow-et-al-2016,
    title={Deep Learning},
    author={Ian Goodfellow and Yoshua Bengio and Aaron Courville},
    publisher={MIT Press},
    note={\url{http://www.deeplearningbook.org}},
    year={2016}
}
